<record><leader>00000cas a22000007a 4500</leader><controlfield tag="001">12878029</controlfield><controlfield tag="008">851206d18951902ksuwr ne      0    0eng d</controlfield><datafield ind1=" " ind2=" " tag="010"><subfield code="a">sn 85066340 </subfield></datafield><datafield ind1=" " ind2=" " tag="040"><subfield code="a">KSH</subfield><subfield code="b">eng</subfield><subfield code="c">KSH</subfield><subfield code="d">NPT</subfield><subfield code="d">OCLCQ</subfield></datafield><datafield ind1=" " ind2=" " tag="042"><subfield code="a">msc</subfield></datafield><datafield ind1="0" ind2="0" tag="245"><subfield code="a">Washington post-register.</subfield></datafield><datafield ind1=" " ind2=" " tag="260"><subfield code="a">Washington, Kan. :</subfield><subfield code="b">J.T. Hole &amp; Jas. Pontius,</subfield><subfield code="c">1895-1902.</subfield></datafield><datafield ind1=" " ind2=" " tag="300"><subfield code="a">10 v. :</subfield><subfield code="b">ill. ;</subfield><subfield code="c">60 cm.</subfield></datafield><datafield ind1=" " ind2=" " tag="310"><subfield code="a">Weekly,</subfield><subfield code="b">Dec. 1, 1898-Dec. 4, 1902</subfield></datafield><datafield ind1=" " ind2=" " tag="321"><subfield code="a">Weekly,</subfield><subfield code="b">July 19, 1895-Apr. 28, 1898</subfield></datafield><datafield ind1=" " ind2=" " tag="321"><subfield code="a">Semiweekly,</subfield><subfield code="b">May 2-Nov. 24, 1898</subfield></datafield><datafield ind1="0" ind2=" " tag="362"><subfield code="a">Vol. 15, no. 50 (July 19, 1895)-v. 16, no. 52 (Aug. 7, 1896) = v. 13, no. 23-v. 14, no. 27 ; v. 17, no. 1 (Aug. 14, 1896)-24th year, no. 17 (Dec. 4, 1902).</subfield></datafield><datafield ind1=" " ind2=" " tag="500"><subfield code="a">Publisher varies.</subfield></datafield><datafield ind1=" " ind2=" " tag="515"><subfield code="a">Continues the numbering of: Washington register (Washington, Kan. 1888).</subfield></datafield><datafield ind1=" " ind2=" " tag="525"><subfield code="a">Supplements included.</subfield></datafield><datafield ind1=" " ind2=" " tag="752"><subfield code="a">United States</subfield><subfield code="b">Kansas</subfield><subfield code="c">Washington</subfield><subfield code="d">Washington.</subfield></datafield><datafield ind1="0" ind2="4" tag="780"><subfield code="t">Washington weekly post</subfield><subfield code="w">(DLC)sn 85066320</subfield></datafield><datafield ind1="0" ind2="4" tag="780"><subfield code="t">Washington register (Washington, Kan. : 1888)</subfield><subfield code="w">(DLC)sn 85066337</subfield></datafield><datafield ind1="0" ind2="5" tag="780"><subfield code="t">Greenleaf journal (Greenleaf, Kan. : 1887)</subfield><subfield code="g">Sept. 27, 1895</subfield><subfield code="w">(DLC)sn 85066305</subfield></datafield><datafield ind1="0" ind2="5" tag="780"><subfield code="t">Watchman (Washington, Kan.)</subfield><subfield code="g">Dec. 1, 1898</subfield><subfield code="w">(DLC)sn 85066333</subfield></datafield><datafield ind1="0" ind2="0" tag="785"><subfield code="t">Washington register (Washington, Kan. : 1902)</subfield><subfield code="w">(DLC)sn 85066341</subfield></datafield><datafield ind1="1" ind2=" " tag="029"><subfield code="a">AU@</subfield><subfield code="b">000025293455</subfield></datafield></record>